<?xml version="1.0" encoding="UTF-8"?><collection xmlns="http://www.loc.gov/MARC21/slim"><record><leader>00373nam--2200133-i-4500</leader><controlfield tag="001">000014834</controlfield><controlfield tag="002">20161230</controlfield><controlfield tag="005">20161230201031</controlfield><controlfield tag="008">060222s1000------------r-----000-0-eng-d</controlfield><datafield ind1=" " ind2=" " tag="080"><subfield code="a">621.375.826</subfield></datafield><datafield ind1=" " ind2=" " tag="100"><subfield code="a">Berg, Lars-erik</subfield></datafield><datafield ind1=" " ind2=" " tag="245"><subfield code="a">Laser and traditional spectroscopic studies of cah and cacl. these</subfield></datafield><datafield ind1=" " ind2=" " tag="260"><subfield code="a">Stockholm, Institute Of Physics, 1979 54 P</subfield></datafield><datafield ind1=" " ind2=" " tag="852"><subfield code="a">75734</subfield></datafield></record></collection>